<?xml version="1.0" encoding="UTF-8"?><record xmlns="http://www.loc.gov/MARC21/slim" xmlns:cinclude="http://apache.org/cocoon/include/1.0" xmlns:zs="http://www.loc.gov/zing/srw/">
  <leader>00353nz  a2200121n  4500</leader>
  <controlfield tag="001">n  90681013 </controlfield>
  <controlfield tag="003">DLC</controlfield>
  <controlfield tag="005">19900813131244.9</controlfield>
  <controlfield tag="008">900813n| acannaab|          |n aad |||  </controlfield>
  <datafield tag="010" ind1=" " ind2=" ">
    <subfield code="a">n  90681013 </subfield>
  </datafield>
  <datafield tag="040" ind1=" " ind2=" ">
    <subfield code="a">DLC</subfield>
    <subfield code="c">DLC</subfield>
  </datafield>
  <datafield tag="100" ind1="1" ind2="0">
    <subfield code="a">Cavallin, MicheĚle</subfield>
  </datafield>
  <datafield tag="670" ind1=" " ind2=" ">
    <subfield code="a">nuc90-51102: Guide Cointreau, ou, Tout savoir ... 1987</subfield>
    <subfield code="b">(usage on NNFI rept.: MicheĚle Cavallin)</subfield>
  </datafield>
</record>